% Encoding: UTF-8
@book{Knuth1998,
 author = {Knuth, Donald E.},
 title = {The art of computer programming,  volume 3: (2nd ed.) sorting and searching},
 year = {1998},
 publisher = {Addison Wesley Longman Publishing Co., Inc.},
 address = {Redwood City, CA, USA}
}

@book{Pollefliet2011,
  author = {Pollefliet, Leen},
  title = {Schrijven van verslag tot eindwerk: do's en don'ts},
  year = {2011},
  publisher = {Academia Press},
  address = {Gent}
}

@article{Creeger2009,
  author = {Creeger, Mache},
  journal = {Communications of the ACM},
  number = {8},
  pages = {50--56},
  title = {{CTO Roundtable: Cloud Computing}},
  volume = {52},
  year = {2009}
}

@article{ELRAWY2023,
  author = {Mohamed Faisal Elrawy and Lenos Hadjidemetriou and Christos Laoudias and Maria K. Michael},
  title = {Detecting and classifying man-in-the-middle attacks in the private area network of smart grids},
  journal = {Sustainable Energy, Grids and Networks},
  volume = {36},
  pages = {101167},
  year = {2023},
  issn = {2352-4677},
  doi = {10.1016/j.segan.2023.101167},
  url = {https://www.sciencedirect.com/science/article/pii/S2352467723001753},
  keywords = {Cyber-security, IEC 61850 protocol, Man-in-the-middle attack, Modbus protocol, Network intrusion detection system, Private area network, Smart grid}
}

@article{PALAMA2021,
  author = {Ivan Palam{\`a} and Francesco Gringoli and Giuseppe Bianchi and Nicola Blefari-Melazzi},
  title = {IMSI Catchers in the Wild: A Real-World 4G/5G Assessment},
  journal = {Computer Networks},
  volume = {194},
  pages = {108137},
  year = {2021},
  issn = {1389-1286},
  doi = {10.1016/j.comnet.2021.108137},
  url = {https://www.sciencedirect.com/science/article/pii/S1389128621002061},
  keywords = {IMSI Catcher, Mobile systems, Network, 4G, 5G, Privacy, Security}
}

@article{EVERETT2007,
  author = {Bernard Everett},
  title = {Tapping into Fibre Optic Cables},
  journal = {Network Security},
  volume = {2007},
  number = {5},
  pages = {13--16},
  year = {2007},
  issn = {1353-4858},
  doi = {10.1016/S1353-4858(07)70036-3},
  url = {https://www.sciencedirect.com/science/article/pii/S1353485807700363}
}

@article{ARSLAN2017,
  author = {Y{\"{u}}ksel Arslan},
  title = {A Solution for {ARP} Spoofing: Layer-2 {MAC} and Protocol Filtering and Arpserver},
  journal = {CoRR},
  volume = {abs/1708.01302},
  year = {2017},
  url = {http://arxiv.org/abs/1708.01302},
  eprinttype = {arXiv},
  eprint = {1708.01302}
}

@article{LOUCA2023,
  author = {Constantinos Louca and Adamantini Peratikou and Stavros Stavrou},
  title = {A Novel Evil Twin {MiTM} Attack Through 802.11v Protocol Exploitation},
  journal = {Computers \& Security},
  volume = {130},
  pages = {103261},
  year = {2023},
  issn = {0167-4048},
  doi = {10.1016/j.cose.2023.103261},
  url = {https://www.sciencedirect.com/science/article/pii/S0167404823001712},
  keywords = {Wi-Fi, MiTM attack, 802.11v, Evil Twin, BSS Transition Management, Wireless Security}
}


@article{THANKAPPAN2022,
  author = {Manesh Thankappan and Helena Rif{\`a}-Pous and Carles Garrigues},
  title = {Multi-Channel Man-in-the-Middle Attacks Against Protected Wi-Fi Networks: A State of the Art Review},
  journal = {Expert Systems with Applications},
  volume = {210},
  pages = {118401},
  year = {2022},
  issn = {0957-4174},
  doi = {10.1016/j.eswa.2022.118401},
  url = {https://www.sciencedirect.com/science/article/pii/S0957417422015093},
  keywords = {Wi-Fi, WPA, Man-in-the-Middle (MitM), Multi-Channel MitM (MC-MitM), KRACK, Internet of Things (IoT), Encryption, Security, FragAttacks}
}


@misc{b√ºhler2023,
  author = {Tobias B{\"u}hler and Alexandros Milolidakis and Romain Jacob and Marco Chiesa and Stefano Vissicchio and Laurent Vanbever},
  title = {Oscilloscope: Detecting BGP Hijacks in the Data Plane},
  year = {2023},
  eprint = {2301.12843},
  archivePrefix = {arXiv},
  primaryClass = {cs.NI},
  url = {https://arxiv.org/abs/2301.12843}
}

@misc{klein2020,
  author = {Amit Klein},
  title = {Cross Layer Attacks and How to Use Them (for DNS Cache Poisoning, Device Tracking and More)},
  year = {2020},
  eprint = {2012.07432},
  archivePrefix = {arXiv},
  primaryClass = {cs.CR},
  url = {https://arxiv.org/abs/2012.07432}
}


@misc{dilworth2025,
      title={Dark Deceptions in DHCP: Dismantling Network Defenses}, 
      author={Robert Dilworth},
      year={2025},
      eprint={2502.10646},
      archivePrefix={arXiv},
      primaryClass={cs.CR},
      url={https://arxiv.org/abs/2502.10646}, 
}


@misc{chen2020,
      title={Encryption Algorithm for TCP Session Hijacking}, 
      author={Minghan Chen and Fangyan Dai and Bingjie Yan and Jieren Cheng and Longjuan Wang},
      year={2020},
      eprint={2002.01391},
      archivePrefix={arXiv},
      primaryClass={cs.CR},
      url={https://arxiv.org/abs/2002.01391}, 
}

@misc{gangan2015,
      title={A Review of Man-in-the-Middle Attacks}, 
      author={Subodh Gangan},
      year={2015},
      eprint={1504.02115},
      archivePrefix={arXiv},
      primaryClass={cs.CR},
      url={https://arxiv.org/abs/1504.02115}, 
}

@misc{birlea2020,
      title={Phishing Attacks: Detection And Prevention}, 
      author={Mario Ciprian Birlea},
      year={2020},
      eprint={2004.01556},
      archivePrefix={arXiv},
      primaryClass={cs.CR},
      url={https://arxiv.org/abs/2004.01556}, 
}
@misc{nexus2023,
  author = {Nexus},
  title = {The First Radio Hack: Marconi Wireless Flaws Exposed (1903)},
  year = {2023},
  url = {https://www.nexus.org/podcast/the-first-radio-hack-marconi-wireless-flaws-exposed-1903/},
 
}

@article{DiffieHellman1976,
  author = {W. Diffie and M. Hellman},
  title = {New Directions in Cryptography},
  journal = {IEEE Transactions on Information Theory},
  year = {1976},
  volume = {22},
  number = {6},
  pages = {644--654},
  keywords = {Cryptography; Receivers; Authentication; Eavesdropping; Costs; Business; Public key cryptography},
  doi = {10.1109/TIT.1976.1055638}
}

@misc{computerhistory1980s,
  author = {Computer History Museum},
  title = {The 1980s: The Birth of the Internet},
  year = {2023},
  url = {https://www.computerhistory.org/internethistory/1980s/},
}

@misc{purdueengineering2025,
  author = {Purdue University},
  title = {Lecture 16: Computer Security},
  year = {2025},
  url = {https://engineering.purdue.edu/kak/compsec/NewLectures/Lecture16.pdf},
}

@INPROCEEDINGS{Bellovin2004,
  author={Bellovin, S.M.},
  booktitle={20th Annual Computer Security Applications Conference}, 
  title={A look back at "security problems in the TCP/IP protocol suite}, 
  year={2004},
  volume={},
  number={},
  pages={229-249},
  keywords={TCPIP;Protocols;Routing;Ethernet networks;Spine;IP networks;Security;Computer bugs;Communication cables;Monopoly},
  doi={10.1109/CSAC.2004.3}}

@misc{onderzoeksraad2012,
  author = {Onderzoeksraad voor Veiligheid},
  title = {Diginotar: De gevolgen van de hack op de Certificaat Autoriteit},
  year = {2012},
  url = {https://onderzoeksraad.nl/rapport_diginotar_nl_web_def_20062012-pdf/},
  
}

@misc{eff2011,
  author = {Electronic Frontier Foundation},
  title = {Post-Mortem of the Iranian DigiNotar Attack},
  year = {2011},
  url = {https://www.eff.org/deeplinks/2011/09/post-mortem-iranian-diginotar-attack#:~:text=instance%2C%20will%20be%20able%20to,of%20the%20attack%27s%20300%2C000%2B%20victims},
}

@misc{pkic2013,
  author = {PKI Consortium},
  title = {Public Key Pinning},
  year = {2013},
  url = {https://pkic.org/2013/08/28/public-key-pinning/},
  note = {Accessed: 2023-12-20}
}


@article{PMC2023,
  author = {Wenxia Zhang and Mingyu Zhang and Zhiqiang Wei and Weiyu Zhang and Haibo Zhang},
  title = {Impact, Vulnerabilities, and Mitigation Strategies for Cyber-Secure Critical Infrastructure},
  journal = {PMC - National Center for Biotechnology Information},
  year = {2023},
  url = {https://pmc.ncbi.nlm.nih.gov/articles/PMC10145335/#:~:text=Stolen%20data%20can%20be%20decrypted,is%20noticeable%20to%20the%20attacker}
}

@INPROCEEDINGS{Hababi2020,
  author={Al-Hababi, Abdulrahman and Tokgoz, Sezer C.},
  booktitle={2020 3rd International Conference on Advanced Communication Technologies and Networking (CommNet)}, 
  title={Man-in-the-Middle Attacks to Detect and Identify Services in Encrypted Network Flows using Machine Learning}, 
  year={2020},
  volume={},
  number={},
  pages={1-5},
  keywords={YouTube;Cryptography;Communication system security;Classification algorithms;Wireless networks;Classification;Machine Learning;Man-in-the-Middle Attack;Social Media Apps;Encrypted Network Traffic.},
  doi={10.1109/CommNet49926.2020.9199617}}


@misc{google2025,
  author = {Google},
  title = {Transparency Report: HTTPS Overview},
  year = {2025},
  url = {https://transparencyreport.google.com/https/overview?hl=en},
  note = {Accessed: 2025-01-20}
}

@article{Bhagat2020,
  author    = {Nikita Nitin Bhagat},
  title     = {Case Study: Comparative Analysis of Man-In-The-Middle-Attacks and Preventive Measures},
  journal   = {International Journal of Engineering Development and Research},
  volume    = {8},
  number    = {1},
  pages     = {203--207},
  year      = {2020},
  url       = {https://www.rjwave.org/ijedr/papers/IJEDR2001039.pdf},
  issn      = {2321-9939}
}

@report{Verizon2019,
  author    = {Verizon},
  title     = {2019 Data Breach Investigations Report},
  year      = {2019},
  institution = {Verizon Business},
  url       = {https://www.verizon.com/business/en-gb/resources/reports/2019-data-breach-investigations-report.pdf}
}

@online{Politie2024,
  author    = {{Politie.be}},
  title     = {Opgepast voor de Man-in-the-Middle},
  year      = {2022},
  url       = {https://www.politie.be/5998/nl/nieuws/opgepast-voor-de-man-in-the-middle},

}

@report{IBM2024,
  author    = {IBM X-Force},
  title     = {IBM X-Force Threat Intelligence Index 2024},
  year      = {2024},
  institution = {IBM Security},
  url       = {https://securityboulevard.com/2024/02/ibm-x-force-threat-intelligence-index-2024/}
}

@article{Gallagher2013,
  author = {Sean Gallagher},
  title = {{How the NSA's MUSCULAR tapped Google's and Yahoo's private networks}},
  journal = {Ars Technica},
  year = {2013},
  url = {https://arstechnica.com/information-technology/2013/10/how-the-nsas-muscular-tapped-googles-and-yahoos-private-networks/}
}

@article{Zhao2022,
  author = {Zhao, Siwei},
  title = {{Exclusive: Report reveals how US spy agencies stole 97b global internet data, 124b phone records in just 30 days}},
  journal = {GlobalSecurity.org},
  year = {2022},
  url = {https://www.globalsecurity.org/intell/library/news/2022/intell-220613-globaltimes01.htm}
}

@misc{NCSC2023,
  title = {NCSC Advisory - OpenSSH Vulnerabilities (Terrapin Attack and Other Issues)},
  author = {National Cyber Security Centre},
  year = {2023},
  url = {https://advisories.ncsc.nl/advisory?id=NCSC-2023-0654&version=1.01&format=plain},
}


@misc{linuxsecurity2025,
  title = {OpenSSH: Urgent Warning Regarding MitM and DoS Security Vulnerabilities},
  author = {LinuxSecurity},
  year = {2025},
  url = {https://linuxsecurity.com/news/security-vulnerabilities/openssh-vulnerabilities-revealed-mitm-dos},
  
}




@misc{manousis2016,
      title={Shedding Light on the Adoption of Let's Encrypt}, 
      author={Antonis Manousis and Roy Ragsdale and Ben Draffin and Adwiteeya Agrawal and Vyas Sekar},
      year={2016},
      eprint={1611.00469},
      archivePrefix={arXiv},
      primaryClass={cs.CR},
      url={https://arxiv.org/abs/1611.00469}, 
}

@misc{pkic2013,
  author = {Yngve N. Pettersen},
  title = {An Introduction to OCSP Multi-Stapling},
  year = {2013},
  url = {https://pkic.org/2013/05/07/an-introduction-to-ocsp-multi-stapling/},
 
}


@misc{ciohsts,
  author = {U.S. General Services Administration},
  title = {The HTTPS-Only Standard - HTTP Strict Transport Security (HSTS)},
  url = {https://https.cio.gov/hsts/#:~:text=HTTP%20Strict%20Transport%20Security%20(HSTS,to%20a%20website%20over%20HTTPS.}
}

@misc{cybercompanysocialengineering,
  author = {Cybercompany},
  title = {Social Engineering: De Mens als Zwakste Schakel in Cybersecurity},
  url = {https://www.cybercompany.org/blog/social-engineering}
}

@misc{ramesh2022,
      title={"All of them claim to be the best": Multi-perspective study of VPN users and VPN providers}, 
      author={Reethika Ramesh and Anjali Vyas and Roya Ensafi},
      year={2022},
      eprint={2208.03505},
      archivePrefix={arXiv},
      primaryClass={cs.CR},
      url={https://arxiv.org/abs/2208.03505}, 
}

@misc{catchpointdnsattack,
  author = {Catchpoint},
  title = {DNS Attacks: Tutorial \& Prevention Best Practices},
  url = {https://www.catchpoint.com/dns-monitoring/dns-attack},
}

@misc{bui2019,
      title={Client-side Vulnerabilities in Commercial VPNs}, 
      author={Thanh Bui and Siddharth Prakash Rao and Markku Antikainen and Tuomas Aura},
      year={2019},
      eprint={1912.04669},
      archivePrefix={arXiv},
      primaryClass={cs.CR},
      url={https://arxiv.org/abs/1912.04669}, 
}

@misc{ncsc2020,
  author = {NCSC},
  title = {Factsheet TLS-interceptie},
  year = {2020},
  url = {https://www.ncsc.nl/binaries/ncsc/documenten/factsheets/2019/juni/01/factsheet-tls-interceptie/Factsheet_TLS-interceptie_1.1_archief.pdf},
  
}

@article{SHURSON2024,
title = {A European right to end-to-end encryption?},
journal = {Computer Law \& Security Review},
volume = {55},
pages = {106063},
year = {2024},
issn = {0267-3649},
doi = {https://doi.org/10.1016/j.clsr.2024.106063},
url = {https://www.sciencedirect.com/science/article/pii/S0267364924001298},
author = {Jessica Shurson},
abstract = {In Podchasov v Russia, the European Court of Human Rights unanimously held that a Russian statutory obligation on ‚Äòinternet communications organisers‚Äô to provide information to state authorities that allowed for the decryption of encrypted communications was a disproportionate interference with Article 8 because the available technical means of decryption risked weakening the security of communications for all users of the service. This is significant as authorities in the UK and EU may seek to implement similar statutory obligations on communications service providers.}
}

@misc{eitca2024,
  author = {EITCA Academie},
  title = {Wat zijn, in de context van cryptografie met publieke sleutels, de verschillen tussen sleutelovereenkomst- en sleuteltransportmethoden voor het vaststellen van een gedeeld geheim, en hoe beperken ze het risico op MITM-aanvallen?},
  year = {2024},
  url = {https://nl.eitca.org/internetveiligheid/eitc-is-acc-geavanceerde-klassieke-cryptografie/man-in-de-middelste-aanval/man-in-the-middle-aanval-certificaten-en-pki/examenbeoordeling-man-in-the-middle-aanvalscertificaten-en-pki/Wat-zijn-in-de-context-van-cryptografie-met-publieke-sleutels-de-verschillen-tussen-sleutelovereenkomst--en-sleuteltransportmethoden-voor-het-vaststellen-van-een-gedeeld-geheim-en-hoe-beperken-ze-het-risico-op-mitm-aanvallen/}
}

@misc{effkeyverification2025,
  author = {Electronic Frontier Foundation},
  title = {Key Verification},
  year = {2025},
  url = {https://ssd.eff.org/module/key-verification}
}

@misc{microsoft2024,
  author = {Mark Simos},
  title = {How Microsoft and NIST Are Collaborating to Advance the Zero Trust Implementation},
  year = {2024},
  url = {https://www.microsoft.com/en-us/security/blog/2024/08/06/how-microsoft-and-nist-are-collaborating-to-advance-the-zero-trust-implementation/?culture=nl-nl&country=nl}
}

@inproceedings{Tehrani2024,
   title={Do CAA, CT, and DANE Interlink in Certificate Deployments? A Web PKI Measurement Study},
   url={http://dx.doi.org/10.23919/TMA62044.2024.10559089},
   DOI={10.23919/tma62044.2024.10559089},
   booktitle={2024 8th Network Traffic Measurement and Analysis Conference (TMA)},
   publisher={IEEE},
   author={Tehrani, Pouyan Fotouhi and Hiesgen, Raphael and L√ºbeck, Teresa and Schmidt, Thomas C. and W√§hlisch, Matthias},
   year={2024},
   month=may, pages={1‚Äì11} }

@misc{cloudflare,
  author = {Cloudflare},
  title = {DNS over TLS vs. DNS over HTTPS},
  url = {https://www.cloudflare.com/learning/dns/dns-over-tls/}
}

@article{IJANA2024,
  author = {Journal, IJANA},
  title = {BGP Prefix Hijacking Attack and Its Prevention Methods},
  journal = {ESWAR Publications},
  year = {2024},
  doi = {10.35444/IJANA.2024.16203},
  url = {https://www.academia.edu/123672510/BGP_Prefix_Hijacking_Attack_and_its_Prevention_Methods}
}

@misc{ripe2008,
  author = {RIPE Network Coordination Centre},
  title = {YouTube Hijacking: A RIPE NCC RIS Case Study},
  year = {2008},
  url = {https://www.ripe.net/about-us/news/youtube-hijacking-a-ripe-ncc-ris-case-study/}
}

@misc{Lepinski2017,
  author = {M. Lepinski and K. Sriram},
  title = {BGPsec Protocol Specification},
  year = {2017},
  month = {September},
  doi = {10.17487/RFC8205},
  url = {https://archive.org/details/rfc8205}
}
@misc{ripe202,
  author = {RIPE Network Coordination Centre},
  title = {Routing Information Service (RIS)},
  url = {https://www.ripe.net/analyse/internet-measurements/routing-information-service-ris/}
}

@misc{nexusguardcleanpipe,
  author = {Nexusguard},
  title = {Clean Pipe},
  url = {https://www.nexusguard.com/clean-pipe}
}


# dit is de nieuwe bp begin end einde

@article{Gomez2023,
  author  = {Jose Gomez and Elie F. Kfoury and Jorge Crichigno and Gautam Srivastava},
  title   = {A survey on network simulators, emulators, and testbeds used for research and education},
  journal = {Computer Networks},
  volume  = {237},
  pages   = {110054},
  year    = {2023},
  doi     = {10.1016/j.comnet.2023.110054},
  url     = {https://www.sciencedirect.com/science/article/pii/S1389128623004991}
}

@misc{ciscoP,
  author       = {{Cisco Networking Academy}},
  title        = {{Cisco Packet Tracer}},
  year         = {2025},
  url          = {https://www.netacad.com/cisco-packet-tracer},
  note         = {Geraadpleegd op 7 april 2025}
}

@mastersthesis{Maes2022,
  author       = {Frederik Maes},
  title        = {Leereffect van een virtuele labomgeving in de praktische opleiding van bachelorstudenten},
  school       = {Universiteit Gent},
  year         = {2022},
  type         = {Educatieve masterproef},
  note         = {Educatieve master in de gezondheidswetenschappen, afstudeerrichting diergeneeskunde},
  url          = {https://libstore.ugent.be/fulltxt/RUG01/003/158/589/RUG01-003158589_2023_0001_AC.pdf}
}



@article{Elias2014,
  author  = {Mohd Syahrizad Elias and Ahmad Zamzuri Mohamad Ali},
  title   = {Survey on the Challenges Faced by the Lecturers in Using Packet Tracer Simulation in Computer Networking Course},
  journal = {Procedia - Social and Behavioral Sciences},
  volume  = {131},
  pages   = {11--15},
  year    = {2014},
  doi     = {10.1016/j.sbspro.2014.04.070},
  url     = {https://www.sciencedirect.com/science/article/pii/S1877042814029802}
}

@misc{gns3_docs2025,
  author       = {{GNS3 Team}},
  title        = {GNS3 Documentation},
  year         = {2025},
  url          = {https://docs.gns3.com/docs/},
  note         = {Geraadpleegd op 7 april 2025}
}

@article{Sari2018,
author = {Sari, Ika and Hatta, Puspanda and Wihidayat, Endar and Xiao, FENG},
year = {2018},
month = {04},
pages = {132-136},
title = {A Comparison between the Use of Cisco Packet Tracer and Graphical Network Simulator 3 as Learning Media on Students‚Äô Achievement},
volume = {24},
journal = {Jurnal Pendidikan Teknologi dan Kejuruan},
doi = {10.21831/jptk.v24i1.16042}
}




@misc{netacad2025,
  author       = {{Cisco Networking Academy}},
  title        = {What is Cisco Packet Tracer?},
  year         = {2023},
  url          = {https://www.netacad.com/courses/packet-tracer},
  note         = {Geraadpleegd op 4 april 2025}
}

@misc{packetTracerResources2025,
  author       = {{Cisco Networking Academy}},
  title        = {Cisco Packet Tracer Resources},
  year         = {2023},
  url          = {https://www.netacad.com/resources/lab/cisco-packet-tracer-resources},
  note         = {Geraadpleegd op 04 april 2025}
}

#-----------



@INPROCEEDINGS{asee_peer_2016,
  author = {TeShun Chou and Steve Keith Baker and Miguel Vega-Herrera},
  title = {A Comparison of Network Simulation and Emulation Virtualization Tools},
  booktitle = {Proceedings of the 2016 ASEE Annual Conference \& Exposition},
  year = {2016},
  month = {June},
  address = {New Orleans, Louisiana},
  publisher = {ASEE Conferences},
  url = {https://peer.asee.org/26285},
  note = {Accessed on 27 April 2025}
}


@article{GOMEZ2023,
  title   = {A survey on network simulators, emulators, and testbeds used for research and education},
  journal = {Computer Networks},
  volume  = {237},
  pages   = {110054},
  year    = {2023},
  issn    = {1389-1286},
  doi     = {10.1016/j.comnet.2023.110054},
  url     = {https://www.sciencedirect.com/science/article/pii/S1389128623004991},
  author  = {Jose Gomez and Elie F. Kfoury and Jorge Crichigno and Gautam Srivastava},
  keywords = {Network emulator, Network simulator, Network testbed, FABRIC, GENI, SDN, Programmable data planes, P4},
  abstract = {This paper reviews network experimentation platforms including simulators, emulators, and testbeds. It discusses challenges balancing realism, scalability, and cost, and offers a taxonomy of available tools. The study analyzes their limitations, describes hardware and software resources, and suggests future improvements to support research and education in computer networking.}
}


@article{noor2018,
  title={Effectiveness of Using Cisco Packet Tracer as a Learning Tool: A Case Study of Routing Protocol},
  author={Noor, Noor Maizura Mohamad and Yayao, Nadiah and Sulaiman, Sumazly},
  journal={International Journal of Information and Education Technology},
  volume={8},
  number={1},
  pages={11--16},
  year={2018},
  publisher={IACSIT Press},
  url={https://www.ijiet.org/show-96-1154-1.html}
}

@article{runtuwene2024,
  title={Enhancing Computer Network Education in Higher Education Through Network Simulation: A Case Study Using Cisco Packet Tracer},
  author={Runtuwene, Steven J and Abdulgani, Adinda N and Pakan, Octhanine ML and Pinontoan, Friendly CG and Mangaronda, Daniel I and Kambey, Trivena N},
  journal={Syntax Admiration},
  volume={5},
  number={11},
  pages={5099--5105},
  year={2024},
  url={https://jurnalsyntaxadmiration.com/index.php/jurnal/article/download/1774/1906/15486}
}


@article{Kuzmenko2016,
  author    = {Kuzmenko, A. and Koval, O. and Koval, Y.},
  title     = {The Comparison of Network Simulators for SDN},
  journal   = {Modern Information Systems},
  volume    = {1},
  number    = {1},
  pages     = {1--6},
  year      = {2016},
  url       = {https://journals.nupp.edu.ua/mist/article/view/571/493},
  note      = {Geraadpleegd op 5 april 2025}
}

@misc{CiscoPacketTracerFAQ,
  author       = {{Cisco Networking Academy}},
  title        = {{Cisco Packet Tracer FAQ}},
  year         = {2023},
  howpublished = {\url{https://prelogin-authoring.netacad.com/courses/packet-tracer/faq}},
  note         = {Geraadpleegd op 5 april 2025}
}

@INPROCEEDINGS{Smith2010,
  author={Smith, Andrew and Bluck, Colin},
  booktitle={2010 Sixth International Conference on Networking and Services}, 
  title={Multiuser Collaborative Practical Learning Using Packet Tracer}, 
  year={2010},
  volume={},
  number={},
  pages={356-362},
  keywords={Collaboration;Computer networks;Switches;Technology management;Collaborative work;Mathematics;Resource management;Computational modeling;Internet;Protocols;packet tracer;practice based;collaborative;cisco;remote learning;virtual labs;Networking Academy;CCNA;Supported Open Learning},
  doi={10.1109/ICNS.2010.56}}

@mastersthesis{thera2020,
  author       = {David Thera},
  title        = {Internet of Things Simulation Using Cisco Packet Tracer},
  school       = {ƒ∞zmir Institute of Technology},
  year         = {2020},
  url          = {https://openaccess.iyte.edu.tr/bitstream/11147/11000/1/10233220.pdf}
}


@article{Allison2022,
  author  = {Allison, J.},
  title   = {Simulation-Based Learning via Cisco Packet Tracer to Enhance the Teaching of Computer Networks},
  journal = {University of Gloucestershire},
  year    = {2018},
  url     = {https://eprints.glos.ac.uk/11214/1/11214%20Allison%2C%20J.%20%282018%29%20Simulation_Based_Learning_via_Cisco_Packet_Tracer_to_Enhance_the_Teaching_of_Computer_Networks.pdf}
}


@article{Noor2018,
  author    = {Noor, M. M. and Yayao, N. and Sulaiman, S.},
  title     = {Effectiveness of Using Cisco Packet Tracer as a Learning Tool: A Case Study of Routing Protocol},
  journal   = {International Journal of Information and Education Technology},
  volume    = {8},
  number    = {1},
  pages     = {11--16},
  year      = {2018},
  doi       = {10.18178/ijiet.2018.8.1.1004},
  url       = {https://www.ijiet.org/vol8/1004-T38.pdf}
}
@article{Javid2014,
  author    = {Javid, S. R.},
  title     = {Role of Packet Tracer in Learning Computer Networks},
  journal   = {International Journal of Advanced Research in Computer and Communication Engineering},
  volume    = {3},
  number    = {5},
  pages     = {6508--6511},
  year      = {2014},
  url       = {https://www.researchgate.net/publication/264233874_Role_of_Packet_Tracer_in_learning_Computer_Networks}
}


@article{Makasiranondh2010,
  author    = {Makasiranondh, W. and others},
  title     = {Cisco Packet Tracer Simulation as Effective Pedagogy in Computer Networking Course},
  journal   = {International Journal of Interactive Mobile Technologies},
  volume    = {13},
  number    = {10},
  pages     = {5--15},
  year      = {2019},
  url       = {https://online-journals.org/index.php/i-jim/article/view/11283}
}


@misc{GNS3Emulators,
  title        = {Which emulator should I use?},
  author       = {GNS3 Documentation},
  year         = {2025},
  howpublished = {\url{https://docs.gns3.com/docs/emulators/cisco-ios-images-for-dynamip/}},
  note         = {Geraadpleegd op 7 april 2025}
}


@article{Mwansa2024,
  author    = {Mwansa, Gardner and Ngandu, Matipa Ricky and Dasi, Zola Sydney},
  title     = {Enhancing Practical Skills in Computer Networking: Evaluating the Unique Impact of Simulation Tools, Particularly Cisco Packet Tracer, in Resource-Constrained Higher Education Settings},
  journal   = {Education Sciences},
  volume    = {14},
  number    = {10},
  pages     = {1099},
  year      = {2024},
  doi       = {10.3390/educsci14101099},
  url       = {https://www.mdpi.com/2227-7102/14/10/1099}
}

@article{Hashimi2017,
  author    = {Sayed Mansoor Hashimi and Ali G√ºne≈ü},
  title     = {Performance Evaluation of a Network Using Simulation Tools or Packet Tracer},
  journal   = {IOSR Journal of Computer Engineering (IOSR-JCE)},
  volume    = {19},
  number    = {1},
  pages     = {01--05},
  year      = {2017},
  doi       = {10.9790/0661-1901010105},
  url       = {https://www.iosrjournals.org/iosr-jce/papers/Vol19-issue1/Version-1/A1901010105.pdf}
}


@inproceedings{inproceedings,
author = {Karincic, Erwin and Linkous, Lauren and Topsakal, Erdem},
year = {2024},
month = {06},
pages = {},
title = {From Classroom to Career with Practical Network Training},
doi = {10.18260/1-2--47479}
}


@article{Amrizal2022,
author = {Amrizal, and Khomarudin, Agus and Jamaluddin, and Jingga, Trinovita and Hendra, Hendra and Nurtam, Muhammad and Laksmana, Indra and Syukriadi, and Aulia, Romy and Novita, Rina and Nazli, Rabby and Putri, Ega and Febrina, Widya},
year = {2022},
month = {12},
pages = {151-160},
title = {Training on the Use of GNS3 in Computer Networks Learning for Vocational High School Teachers},
volume = {1},
journal = {Indonesian Journal of Community Services Cel},
doi = {10.70110/ijcsc.v1i3.20}
}

@article{Gil2015,
author = {Gil, Pablo and Garcia, Gabriel and Delgado, Angel and Medina, Rosa and Calderon, Antonio and Marti, Patricia},
year = {2015},
month = {02},
pages = {},
title = {Computer networks virtualization with GNS3: Evaluating a solution to optimize resources and achieve a distance learning},
volume = {2015},
doi = {10.1109/FIE.2014.7044343}
}

@misc{gns3_doc2025,
  title        = {GNS3 0.4 Documentation},
  author       = {{GNS3 Development Team}},
  year         = {2008},
  howpublished = {\url{https://www.scribd.com/doc/161390350/GNS3-0-4-Documentation}},
  note         = {Geraadpleegd op 9 april 2025}
}
@article{Golightly2023,
  title = {Deploying Secure Distributed Systems: Comparative Analysis of GNS3 and SEED Internet Emulator},
  author = {Lewis Golightly and Paolo Modesti and Victor Chang},
  year = {2023},
  journal = {Journal of Cybersecurity and Privacy},
  volume = {3},
  number = {3},
  pages = {464--492},
  doi = {10.3390/jcp3030024}
}


@article{bakni2019,
  TITLE = {{Experiences on Evaluating Network Simulators: A Methodological Approach}},
  AUTHOR = {Bakni, Michel and Cardinale, Yudith and Moreno, Luis},
  URL = {https://hal.science/hal-02282360},
  JOURNAL = {{Journal of Communications}},
  PUBLISHER = {{Academy Publisher}},
  VOLUME = {14},
  NUMBER = {10},
  PAGES = {866-875},
  YEAR = {2019},
  MONTH = Oct,
  DOI = {10.12720/jcm.14.10.866-875},
  KEYWORDS = {Packet Tracer ; Comparison Approach ; Evaluation Criteria ; Index Terms-Network Simulators ; Network simulators ; GNS3},
  PDF = {https://hal.science/hal-02282360v1/file/Experiences%20on%20Evaluating%20Network%20Simulators%20A%20Methodological%20Approach%20-%20M.Bakni%20-%202019.pdf},
  HAL_ID = {hal-02282360},
  HAL_VERSION = {v1},
}


@misc{pythonautomation,
  author       = {Python Automation Book},
  title        = {Setup of the Python Automation Book Lab},
  year         = {2025},
  howpublished = {\url{https://python-automation-book.readthedocs.io/en/latest/09_lab/01_setup.html}},
  note         = {Geraadpleegd op 8 april 2025}
}

@misc{cml_faq2025,
  author       = {{Cisco Systems}},
  title        = {FAQ - Cisco Modeling Labs v2.x},
  year         = 2025,
  url          = {https://developer.cisco.com/docs/modeling-labs/faq/},
  note         = {Geraadpleegd op 8 april 2025}
}

@article{Amrizal2022,
author = {Amrizal, and Khomarudin, Agus and Jamaluddin, and Jingga, Trinovita and Hendra, Hendra and Nurtam, Muhammad and Laksmana, Indra and Syukriadi, and Aulia, Romy and Novita, Rina and Nazli, Rabby and Putri, Ega and Febrina, Widya},
year = {2022},
month = {12},
pages = {151-160},
title = {Training on the Use of GNS3 in Computer Networks Learning for Vocational High School Teachers},
volume = {1},
journal = {Indonesian Journal of Community Services Cel},
doi = {10.70110/ijcsc.v1i3.20}
}

@misc{gns3_ios_images,
  author       = {{GNS3}},
  title        = {Where do I get IOS images?},
  year         = {n.d.},
  howpublished = {\url{https://docs.gns3.com/docs/troubleshooting-faq/where-do-i-get-ios-images/}},
  note         = {Geraadpleegd op 30 april 2025}
}


@misc{gns3_multiuser,
  author       = {{GNS3}},
  title        = {One GNS3 server, multiple clients},
  year         = {n.d.},
  howpublished = {\url{https://docs.gns3.com/docs/getting-started/installation/one-server-multiple-clients/}},
  note         = {Geraadpleegd op 30 april 2025}
}

@misc{CiscoCML2024,
  author       = {Cisco Systems},
  title        = {Cisco Modeling Labs - Personal},
  year         = {2024},
  howpublished = {\url{https://www.cisco.com/site/us/en/learn/training-certifications/training/modeling-labs/index.html}},
  note         = {Geraadpleegd op 30 april 2025}
}

@Comment{jabref-meta: databaseType:biblatex;}


@misc{eve-ng,
  title = {EVE-NG ‚Äì Emulated Virtual Environment},
  howpublished = {\url{https://www.eve-ng.net/}},
  note = {Geraadpleegd op 10 april 2025}
}

@misc{cisco-cml,
  title = {Cisco Modeling Labs},
  howpublished = {\url{https://www.cisco.com/site/us/en/learn/training-certifications/training/modeling-labs/index.html}},
  note = {Geraadpleegd op 10 april 2025}
}


@misc{huawei-ensp,
  title = {Huawei eNSP ‚Äì Enterprise Network Simulation Platform},
  howpublished = {\url{https://support.huawei.com/enterprise/en/management-system/ensp-pid-9017384/software}},
  note = {Geraadpleegd op 2 mei 2025}
}


@misc{mininet,
  title = {Mininet: An Instant Virtual Network on your Laptop (or other PC)},
  howpublished = {\url{http://mininet.org}},
  note = {Accessed: 2025-05-02}
}

@misc{boson-netsim,
  title = {Boson NetSim: Cisco Network Simulator},
  howpublished = {\url{https://www.boson.com/netsim-cisco-network-simulator}},
  note = {Accessed: 2025-05-02}
}

@article{brookfield1990,
author = {Welkener, Michele},
year = {2008},
month = {01},
pages = {610-612},
title = {The Skillful Teacher: On Technique, Trust, and Responsiveness in the Classroom (review)},
volume = {79},
journal = {The Journal of Higher Education},
doi = {10.1353/jhe.0.0016}
}

@article{mdpi2024,
  author    = {Berrached, Fatiha and Zitouni, Abdelmadjid and Bourouba, Mohamed and Harfouche, Leila},
  title     = {Using Cisco Packet Tracer for Teaching Computer Networks in Constrained Educational Environments},
  journal   = {Education Sciences},
  volume    = {14},
  number    = {10},
  year      = {2024},
  pages     = {1099},
  doi       = {10.3390/educsci14101099},
  url       = {https://www.mdpi.com/2227-7102/14/10/1099}
}

@article{Yayao2018,
author = {Yayao, Nadiah and Sulaiman, Sumazly},
year = {2018},
month = {01},
pages = {11-16},
title = {Effectiveness of Using Cisco Packet Tracer as a Learning Tool: A Case Study of Routing Protocol},
volume = {8},
journal = {International Journal of Information and Education Technology},
doi = {10.18178/ijiet.2018.8.1.1004}
}
